% This file was created with Citavi 6.4.0.35

@misc{Nachtwey.2017,
 author = {Nachtwey, Oliver and Seidl, Timo},
 date = {2017},
 title = {Die Ethik der Solution und der Geist des digitalen Kapitalismus}
}


