% This file was created with Citavi 6.4.0.35

@book{Laurer.2020,
 author = {Laurer, Moritz and Seidl, Timo},
 year = {2020},
 title = {Regulating the European Data-Driven Economy. A Case Study on the General Data Protection Regulation},
 doi = {10.31235/osf.io/a6m8r}
}


