% This file was created with Citavi 6.7.0.0

@book{Obendiek.2020,
 author = {Obendiek, Anke},
 year = {2020},
 title = {Data Disputes: Jurisdictional Conflicts and the Common Good in the Field of Data Governance: Dissertation Hertie School}
}


@book{Seidl.2020b,
 author = {Seidl, Timo},
 year = {2020},
 title = {Ideas, Politics, and Technological Change: Essays on the Comparative Political Economy of Digital Capitalism: Dissertation European University Institute}
}


@book{vanDijck.2018,
 author = {{van Dijck}, Jose and Poell, Thomas and de Waal, Martijn},
 year = {2018},
 title = {The Platform Society: Public values in a connective world},
 address = {New York},
 publisher = {{Oxford University Press}}
}

@book{Srnicek.2017,
 author = {Srnicek, Nick},
 year = {2017},
 title = {Platform Capitalism},
 price = {(Epub)},
 address = {Cambridge},
 publisher = {Polity},
 isbn = {1509504877},
 file = {Srnicek 2017 - Platform Capitalism:C\:\\Users\\timos\\OneDrive\\Dokumente\\Citavi 6\\Projects\\Gesammelte Werke\\Citavi Attachments\\Srnicek 2017 - Platform Capitalism.pdf:pdf}
}

