% This file was created with Citavi 6.4.0.35

@article{Roos.14.07.2015,
 author = {Roos, Ulrich and Seidl, Timo},
 year = {14.07.2015},
 title = {Time to Call Things as They Are},
 journal = {The Namibian}
}


