% This file was created with Citavi 6.4.0.35

@book{Nachtwey.2020,
 author = {Nachtwey, Oliver and Seidl, Timo},
 year = {2020},
 title = {The Solutionist Ethic and the Spirit of Digital Capitalism},
 doi = {10.31235/osf.io/sgjzq}
}


