% This file was created with Citavi 6.4.0.35

@incollection{Laurer.2017,
 author = {Laurer, Moritz and Seidl, Timo},
 title = {Eine Stabilit{\"a}ts- und Wettbewerbsunion der Regierungen: Zur Rekonstruktion grundlegender Handlungsregeln deutscher Eurokrisenpolitik},
 pages = {13--47},
 publisher = {{Springer VS}},
 isbn = {978-3-658-15369-4},
 editor = {Roos, Ulrich},
 booktitle = {Deutsche Au{\ss}enpolitik},
 year = {2017},
 address = {Wiesbaden}
}


