% This file was created with Citavi 6.4.0.35

@incollection{Seidl.2017,
 author = {Seidl, Timo},
 title = {Kompatibilit{\"a}t statt Reduktion: Zur Idee einer Interdisziplin{\"a}ren Anthropologie als soziologischem Selbst- und Fremdver(un)sicherungsraum},
 pages = {201--232},
 publisher = {Harrassowitz},
 isbn = {978-3-447-10854-6},
 editor = {Wagner, Gerhard},
 booktitle = {Die Provokation der Reduktion},
 year = {2017},
 address = {Wiesbaden}
}


