% This file was created with Citavi 6.4.0.35

@article{Roos.2015,
 author = {Roos, Ulrich and Seidl, Timo},
 year = {2015},
 title = {Im {\frqq}S{\"u}dwesten{\flqq} nichts Neues? Eine Analyse der deutschen Namibiapolitik als Beitrag zur Rekonstruktion der au{\ss}enpolitischen Identit{\"a}t des deutschen Nationalstaates},
 pages = {182--225},
 volume = {4},
 number = {2},
 journal = {Zeitschrift f{\"u}r Friedens- und Konfliktforschung}
}


