% This file was created with Citavi 6.4.0.35

@book{Seidl.2020b,
 author = {Seidl, Timo},
 year = {2020},
 title = {The Politics of Platform Capitalism. A Case Study on the Regulation of Uber in New York},
 doi = {10.31235/osf.io/up9qz}
}


