% This file was created with Citavi 6.4.0.35

@article{Laurer.2014,
 author = {Laurer, Moritz and Seidl, Timo},
 year = {2014},
 title = {Das doppelte Ziel der deutschen Eurokrisenpolitik},
 pages = {120--126},
 volume = {22},
 number = {99},
 journal = {Welttrends}
}


